%-------------------- Continuous Authentication Approaches --------------------

@inproceedings{feng2014tips,
  title={Tips: Context-aware implicit user identification using touch screen in uncontrolled environments},
  author={Feng, Tao and Yang, Jun and Yan, Zhixian and Tapia, Emmanuel Munguia and Shi, Weidong},
  booktitle={Proceedings of the 15th workshop on mobile computing systems and applications},
  pages={1--6},
  year={2014}
}

@article{hong2016mgra,
  title={MGRA: Motion gesture recognition via accelerometer},
  author={Hong, Feng and You, Shujuan and Wei, Meiyu and Zhang, Yongtuo and Guo, Zhongwen},
  journal={Sensors},
  volume={16},
  number={4},
  pages={530},
  year={2016},
  publisher={MDPI}
}

@article{jain2015exploring,
  title={Exploring orientation and accelerometer sensor data for personal authentication in smartphones using touchscreen gestures},
  author={Jain, Ankita and Kanhangad, Vivek},
  journal={Pattern recognition letters},
  volume={68},
  pages={351--360},
  year={2015},
  publisher={Elsevier}
}

@inproceedings{johnson2013secure,
  title={Secure voice-based authentication for mobile devices: vaulted voice verification},
  author={Johnson, RC and Scheirer, Walter J and Boult, Terrance E},
  booktitle={Biometric and Surveillance Technology for Human and Activity Identification X},
  volume={8712},
  pages={164--176},
  year={2013},
  organization={SPIE}
}

@inproceedings{lee2017implicit,
  title={Implicit smartphone user authentication with sensors and contextual machine learning},
  author={Lee, Wei-Han and Lee, Ruby B},
  booktitle={2017 47th Annual IEEE/IFIP International Conference on Dependable Systems and Networks (DSN)},
  pages={297--308},
  year={2017},
  organization={IEEE}
}

@article{li2018using,
  title={Using data augmentation in continuous authentication on smartphones},
  author={Li, Yantao and Hu, Hailong and Zhou, Gang},
  journal={IEEE Internet of Things Journal},
  volume={6},
  number={1},
  pages={628--640},
  year={2018},
  publisher={IEEE}
}

@inproceedings{pang2019mineauth,
  title={Mineauth: Mining behavioural habits for continuous authentication on a smartphone},
  author={Pang, Xiaojian and Yang, Li and Liu, Maozhen and Ma, Jianfeng},
  booktitle={Information Security and Privacy: 24th Australasian Conference, ACISP 2019, Christchurch, New Zealand, July 3--5, 2019, Proceedings 24},
  pages={533--551},
  year={2019},
  organization={Springer}
}

@inproceedings{shih2015flick,
  title={A flick biometric authentication mechanism on mobile devices},
  author={Shih, Dong-Her and Lu, Chia-Ming and Shih, Ming-Hung},
  booktitle={2015 international conference on informative and cybernetics for computational social systems (ICCSS)},
  pages={31--33},
  year={2015},
  organization={IEEE}
}

@article{sitova2015hmog,
  title={HMOG: New behavioral biometric features for continuous authentication of smartphone users},
  author={Sitov{\'a}, Zde{\v{n}}ka and {\v{S}}ed{\v{e}}nka, Jaroslav and Yang, Qing and Peng, Ge and Zhou, Gang and Gasti, Paolo and Balagani, Kiran S},
  journal={IEEE Transactions on Information Forensics and Security},
  volume={11},
  number={5},
  pages={877--892},
  year={2015},
  publisher={IEEE}
}

@inproceedings{song2016eyeveri,
  title={Eyeveri: A secure and usable approach for smartphone user authentication},
  author={Song, Chen and Wang, Aosen and Ren, Kui and Xu, Wenyao},
  booktitle={IEEE INFOCOM 2016-The 35th Annual IEEE International Conference on Computer Communications},
  pages={1--9},
  year={2016},
  organization={IEEE}
}

@article{sun2018artificial,
  title={An artificial neural network framework for gait-based biometrics},
  author={Sun, Yingnan and Lo, Benny},
  journal={IEEE journal of biomedical and health informatics},
  volume={23},
  number={3},
  pages={987--998},
  year={2018},
  publisher={IEEE}
}

@inproceedings{xia2018motionhacker,
  title={Motionhacker: Motion sensor based eavesdropping on handwriting via smartwatch},
  author={Xia, Qingxin and Hong, Feng and Feng, Yuan and Guo, Zhongwen},
  booktitle={IEEE INFOCOM 2018-IEEE Conference on Computer Communications Workshops (INFOCOM WKSHPS)},
  pages={468--473},
  year={2018},
  organization={IEEE}
}

@inproceedings{xu2014towards,
  title={Towards continuous and passive authentication via touch biometrics: An experimental study on smartphones},
  author={Xu, Hui and Zhou, Yangfan and Lyu, Michael R},
  booktitle={Symposium on usable privacy and security, SOUPS},
  volume={14},
  pages={187--198},
  year={2014}
}

@inproceedings{yan2018towards,
  title={Towards a user-friendly and secure hand shaking authentication for smartphones},
  author={Yan, Jinpei and Qi, Yong and Rao, Qifan and Qi, Saiyu},
  booktitle={2018 17th IEEE International Conference On Trust, Security And Privacy In Computing And Communications/12th IEEE International Conference On Big Data Science And Engineering (TrustCom/BigDataSE)},
  pages={1170--1179},
  year={2018},
  organization={IEEE}
}

@inproceedings{zhu2013sensec,
  title={Sensec: Mobile security through passive sensing},
  author={Zhu, Jiang and Wu, Pang and Wang, Xiao and Zhang, Joy},
  booktitle={2013 International Conference on Computing, Networking and Communications (ICNC)},
  pages={1128--1133},
  year={2013},
  organization={IEEE}
}

%-------------------- Approaches to protect user privacy --------------------

@inproceedings{xu2015semadroid,
  title={Semadroid: {A} privacy-aware sensor management framework for smartphones},
  author={Xu, Zhi and Zhu, Sencun},
  booktitle={Proceedings of the 5th ACM Conference on Data and Application Security and Privacy},
  pages={61--72},
  year={2015}
}

@inproceedings{backes2014android,
  title={Android Security Framework: Extensible multi-layered access control on android},
  author={Backes, Michael and Bugiel, Sven and Gerling, Sebastian and von Styp-Rekowsky, Philipp},
  booktitle={Proceedings of the 30th Annual Computer Security Applications Conference (ACSAC)},
  pages={46--55},
  year={2014}
}

@inproceedings{raval2016you,
  title={What you mark is what apps see},
  author={Raval, Nisarg and Srivastava, Animesh and Razeen, Ali and Lebeck, Kiron and Machanavajjhala, Ashwin and Cox, Lanodn P},
  booktitle={Proceedings of the 14th Annual International Conference on Mobile Systems, Applications, and Services},
  pages={249--261},
  year={2016}
}

@article{wu2017context,
  title={A context-aware kernel ipc firewall for android},
  author={Wu, David and Bratus, Sergey},
  journal={Proceedings of ShmooCon},
  volume={17},
  year={2017}
}

@inproceedings{smalley2013security,
  title={Security enhanced (se) android: bringing flexible mac to android.},
  author={Smalley, Stephen and Craig, Robert},
  booktitle={NDSS},
  volume={310},
  pages={20--38},
  year={2013}
}

@inproceedings{backes2015boxify,
  title={Boxify: Full-fledged app sandboxing for stock android},
  author={Backes, Michael and Bugiel, Sven and Hammer, Christian and Schranz, Oliver and von Styp-Rekowsky, Philipp},
  booktitle={24th {USENIX} Security Symposium (USENIX Security)},
  pages={691--706},
  year={2015}
}

@inproceedings{jeon2012dr,
  title={Dr. android and mr. hide: fine-grained permissions in android applications},
  author={Jeon, Jinseong and Micinski, Kristopher K and Vaughan, Jeffrey A and Fogel, Ari and Reddy, Nikhilesh and Foster, Jeffrey S and Millstein, Todd},
  booktitle={Proceedings of the second ACM workshop on Security and privacy in smartphones and mobile devices},
  pages={3--14},
  year={2012}
}

@article{fu2017inspired,
  title={Inspired: Intention-based privacy-preserving permission model},
  author={Fu, Hao and Zheng, Zizhan and Zhu, Sencun and Mohapatra, Prasant},
  journal={arXiv preprint arXiv:1709.06654},
  year={2017}
}

@inproceedings{petracca2015audroid,
  title={Audroid: Preventing attacks on audio channels in mobile devices},
  author={Petracca, Giuseppe and Sun, Yuqiong and Jaeger, Trent and Atamli, Ahmad},
  booktitle={Proceedings of the 31st Annual Computer Security Applications Conference (ACSAC)},
  pages={181--190},
  year={2015}
}

@inproceedings{chen2017sweetdroid,
  title={Sweetdroid: Toward a context-sensitive privacy policy enforcement framework for android os},
  author={Chen, Xin and Huang, Heqing and Zhu, Sencun and Li, Qing and Guan, Quanlong},
  booktitle={Proceedings of the 2017 on Workshop on Privacy in the Electronic Society (WPES)},
  pages={75--86},
  year={2017}
}

@inproceedings{chen2013contextual,
  title={Contextual policy enforcement in android applications with permission event graphs.},
  author={Chen, Kevin Zhijie and Johnson, Noah M and D'Silva, Vijay and Dai, Shuaifu and MacNamara, Kyle and Magrino, Thomas R and Wu, Edward XueJun and Rinard, Martin C and Song, Dawn Xiaodong},
  booktitle={NDSS},
  volume={234},
  year={2013}
}

@inproceedings{liu2016follow,
  title={Follow my recommendations: A personalized privacy assistant for mobile app permissions},
  author={Liu, Bin and Schaarup Andersen, Mads and Schaub, Florian and Almuhimedi, Hazim and Zhang, Shikun and Sadeh, Norman and Acquisti, Alessandro and Agarwal, Yuvraj},
  booktitle={SOUPS 2016-Proceedings of the 12th Symposium on Usable Privacy and Security},
  pages={27--41},
  year={2016}
}

@article{thanigaivelan2018codra,
  title={CoDRA: Context-based dynamically reconfigurable access control system for android},
  author={Thanigaivelan, Nanda Kumar and Nigussie, Ethiopia and Hakkala, Antti and Virtanen, Seppo and Isoaho, Jouni},
  journal={Journal of Network and Computer Applications},
  volume={101},
  pages={1--17},
  year={2018},
  publisher={Elsevier}
}

@inproceedings{conti2011crepe,
  title={Crepe: Context-related policy enforcement for android},
  author={Conti, Mauro and Nguyen, Vu Thien Nga and Crispo, Bruno},
  booktitle={Information Security: 13th International Conference, ISC 2010, Boca Raton, FL, USA, October 25-28, 2010, Revised Selected Papers 13},
  pages={331--345},
  year={2011},
  organization={Springer}
}

@inproceedings{bugiel2013flexible,
  title={Flexible and fine-grained mandatory access control on android for diverse security and privacy policies.},
  author={Bugiel, Sven and Heuser, Stephan and Sadeghi, Ahmad-Reza},
  booktitle={USENIX Security Symposium},
  pages={131--146},
  year={2013},
  organization={Washington, DC}
}

@inproceedings{wijesekera2017feasibility,
  title={The feasibility of dynamically granted permissions: Aligning mobile privacy with user preferences},
  author={Wijesekera, Primal and Baokar, Arjun and Tsai, Lynn and Reardon, Joel and Egelman, Serge and Wagner, David and Beznosov, Konstantin},
  booktitle={2017 IEEE Symposium on Security and Privacy (SP)},
  pages={1077--1093},
  year={2017},
  organization={IEEE}
}

@inproceedings{olejnik2017smarper,
  title={Smarper: Context-aware and automatic runtime-permissions for mobile devices},
  author={Olejnik, Katarzyna and Dacosta, Italo and Machado, Joana Soares and Huguenin, K{\'e}vin and Khan, Mohammad Emtiyaz and Hubaux, Jean-Pierre},
  booktitle={2017 IEEE Symposium on Security and Privacy (SP)},
  pages={1058--1076},
  year={2017},
  organization={IEEE}
}

@inproceedings{chakraborty2014ipshield,
  title={ipShield: A framework for enforcing context-aware privacy},
  author={Chakraborty, Supriyo and Shen, Chenguang and Raghavan, Kasturi Rangan and Shoukry, Yasser and Millar, Matt and Srivastava, Mani},
  booktitle={11th USENIX Symposium on Networked Systems Design and Implementation (NSDI 14)},
  pages={143--156},
  year={2014}
}

@article{rashidi2016android,
  title={Android fine-grained permission control system with real-time expert recommendations},
  author={Rashidi, Bahman and Fung, Carol and Vu, Tam},
  journal={Pervasive and Mobile Computing},
  volume={32},
  pages={62--77},
  year={2016},
  publisher={Elsevier}
}

@inproceedings{tsai2017turtle,
  title={Turtle guard: Helping android users apply contextual privacy preferences},
  author={Tsai, Lynn and Wijesekera, Primal and Reardon, Joel and Reyes, Irwin and Egelman, Serge and Wagner, David and Good, Nathan and Chen, Jung-Wei},
  booktitle={Symposium on Usable Privacy and Security (SOUPS)},
  volume={2017},
  year={2017}
}

@article{chitkara2017does,
  title={Does this app really need my Location? Context-aware privacy management for smartphones},
  author={Chitkara, Saksham and Gothoskar, Nishad and Harish, Suhas and Hong, Jason I and Agarwal, Yuvraj},
  journal={Proceedings of the ACM on Interactive, Mobile, Wearable and Ubiquitous Technologies (IMWUT)},
  volume={1},
  number={3},
  pages={1--22},
  year={2017},
  publisher={ACM New York, NY, USA}
}

@inproceedings{shrestha2016slogger,
  title={Slogger: Smashing motion-based touchstroke logging with transparent system noise},
  author={Shrestha, Prakash and Mohamed, Manar and Saxena, Nitesh},
  booktitle={Proceedings of the 9th ACM Conference on Security \& Privacy in Wireless and Mobile Networks},
  pages={67--77},
  year={2016}
}

@inproceedings{hornyack2011these,
  title={These aren't the droids you're looking for: retrofitting android to protect data from imperious applications},
  author={Hornyack, Peter and Han, Seungyeop and Jung, Jaeyeon and Schechter, Stuart and Wetherall, David},
  booktitle={Proceedings of the 18th ACM conference on Computer and communications security},
  pages={639--652},
  year={2011}
}

@misc{bokhorst2017xprivacy,
  title={XPrivacy-The ultimate, yet easy to use, privacy manager},
  author={Bokhorst, M},
  year={2017}
}

@misc{bokhorst2021xprivacylua,
  title={XPrivacyLua},
  author={Bokhorst, Marcel},
  year={2021}
}

@inproceedings{raval2019permissions,
  title={Permissions plugins as android apps},
  author={Raval, Nisarg and Razeen, Ali and Machanavajjhala, Ashwin and Cox, Landon P and Warfield, Andrew},
  booktitle={Proceedings of the 17th Annual International Conference on Mobile Systems, Applications, and Services},
  pages={180--192},
  year={2019}
}

@article{ratazzi2019pinpoint,
  title={PINPOINT: Efficient and effective resource isolation for mobile security and privacy},
  author={Ratazzi, Paul and Bommisetti, Ashok and Ji, Nian and Du, Wenliang},
  journal={arXiv preprint arXiv:1901.07732},
  year={2019}
}

@inproceedings{zhang2015leave,
  title={Leave me alone: App-level protection against runtime information gathering on android},
  author={Zhang, Nan and Yuan, Kan and Naveed, Muhammad and Zhou, Xiaoyong and Wang, XiaoFeng},
  booktitle={2015 IEEE Symposium on Security and Privacy},
  pages={915--930},
  year={2015},
  organization={IEEE}
}

%-------------------- Others --------------------
@misc{googleban,
  title = {Google Blocks 1.43 Million Malicious Apps, Bans 173,000 Bad Accounts in 2022},
  author = {Lakshmanan, Ravie},
  howpublished = "\url{https://thehackernews.com/2023/05/google-blocks-143-million-malicious.html}",
  year = {2023}, 
  month = {May},
  note = "[Online; accessed 28-May-2023]"
}

@misc{andRuntimePerms,
  title = {Android Runtime Permissions},
  howpublished = "\url{https://source.android.com/docs/core/permissions/runtime_perms}",
  year = {2022}, 
  month = {Oct},
  note = "[Online; accessed 28-May-2023]"
}

@inproceedings{ha2013android,
  title={Do android users write about electric sheep? examining consumer reviews in google play},
  author={Ha, Elizabeth and Wagner, David},
  booktitle={2013 IEEE 10th Consumer Communications and Networking Conference (CCNC)},
  pages={149--157},
  year={2013},
  organization={IEEE}
}

@misc{permUpdtAnd11,
  title = {Permissions updates in Android 11},
  howpublished = "\url{https://developer.android.com/about/versions/11/privacy/permissions}",
  year = {2023}, 
  month = {May},
  note = "[Online; accessed 28-May-2023]"
}

@misc{andTriStatPerm,
  title = {Tristate Location Permissions},
  howpublished = "\url{https://source.android.com/docs/core/permissions/tristate-perms}",
  year = {2022}, 
  month = {Oct},
  note = "[Online; accessed 28-May-2023]"
}

@misc{andPlayIntAPI,
  key = {AndroidPlayIntAPI},
  title = {Android Play Integrity API},
  howpublished = "\url{https://developer.android.com/google/play/integrity}",
  year = {2023}, 
  month = {Apr},
  note = "[Online; accessed 28-May-2023]"
}

@inproceedings{backes2013appguard,
  title={AppGuard-Enforcing User Requirements on Android Apps.},
  author={Backes, Michael and Gerling, Sebastian and Hammer, Christian and Maffei, Matteo and von Styp-Rekowsky, Philipp},
  booktitle={TACAS},
  volume={13},
  pages={543--548},
  year={2013},
  organization={Springer}
}

@misc{2022lspatch,
  year = {2022},
  month = {Nov},
  title = {{LSPatch: A non-root Xposed framework extending from LSPosed}},
  publisher = {GitHub},
  howpublished = "{\url{https://github.com/LSPosed/LSPatch}}",
  version = {0.5.1}
}

@misc{rikka2023shizuku,
  year = {2023},
  month = {Feb},
  title = {{Shizuku: Using system APIs directly with adb/root privileges from normal apps through a Java process started with app\_process}},
  publisher = {GitHub},
  howpublished = "{\url{https://github.com/RikkaApps/Shizuku}}",
  version = {13.2.1}
}

@misc{vollmer2015xposed,
  title={Xposed framework},
  author={Vollmer, R},
  year={2015}
}

@misc{rovo89xposedbridge,
  year = {2017},
  month = {Dec},
  title = {{XposedBridge: The Java part of the Xposed framework}},
  publisher = {GitHub},
  howpublished = "{\url{https://github.com/rovo89/XposedBridge}}",
  version = {89}
}

@misc{2013lsposed,
  year = {2023},
  month = {Jan},
  author = {Jin Cheng, Yu},
  title = {{LSPosed Framework}},
  publisher = {GitHub},
  howpublished = "{\url{https://github.com/LSPosed/LSPosed}}",
  version = {1.8.6}
}

@misc{yu2022lsplant,
  year = {2022},
  month = {Nov},
  author = {Jin Cheng, Yu},
  title = {{LSPlant: A hook framework for Android Runtime (ART)}},
  publisher = {GitHub},
  howpublished = "{\url{https://github.com/LSPosed/LSPlant}}",
  version = {5.2}
}


%-------------------- Side-channel attacks --------------------
@inproceedings{hasan2013sensing,
  title={Sensing-enabled channels for hard-to-detect command and control of mobile devices},
  author={Hasan, Ragib and Saxena, Nitesh and Haleviz, Tzipora and Zawoad, Shams and Rinehart, Dustin},
  booktitle={Proceedings of the 8th ACM SIGSAC symposium on Information, computer and communications security},
  pages={469--480},
  year={2013}
}

@inproceedings{simon2013pin,
  title={Pin skimmer: inferring pins through the camera and microphone},
  author={Simon, Laurent and Anderson, Ross},
  booktitle={Proceedings of the Third ACM workshop on Security and Privacy in Smartphones \& Mobile devices (SPSM)},
  pages={67--78},
  year={2013}
}

@inproceedings{ba2020learning,
  title={Learning-based Practical Smartphone Eavesdropping with Built-in Accelerometer.},
  author={Ba, Zhongjie and Zheng, Tianhang and Zhang, Xinyu and Qin, Zhan and Li, Baochun and Liu, Xue and Ren, Kui},
  booktitle={NDSS},
  pages={23--26},
  year={2020}
}

@article{shen2015input,
  title={Input extraction via motion-sensor behavior analysis on smartphones},
  author={Shen, Chao and Pei, Shichao and Yang, Zhenyu and Guan, Xiaohong},
  journal={Computers \& Security},
  volume={53},
  pages={143--155},
  year={2015},
  publisher={Elsevier}
}

@misc{lin2019motion,
  title={Motion-based side-channel attack on mobile keystrokes},
  author={Lin, Jessy and Seibel, Jason},
  year={2019}
}

@misc{batterystats,
  key = {BatteryStats},
  title = {Profile battery usage with Batterystats and Battery Historian},
  howpublished = "\url{https://developer.android.com/topic/performance/power/setup-battery-historian}",
  year = {2023}, 
  month = {May},
  note = "[Online; accessed 28-May-2023]"
}

% =============== Introduction =============== 

@inproceedings{alkindi2019android,
  title={Android Application Permission Model},
  author={Alkindi, Zainab R and Unviresity, Sultan Qaboos and Muscat, Oman and Sarrab, Mohamed and Alzidi, Nasser},
  booktitle={4th FREE \& OPEN SOURCE SOFTWARE CONFERENCE (FOSSC'2019-OMAN)},
  year={2019}
}

@inproceedings{zhang2015android,
  title={Android root and its providers: A double-edged sword},
  author={Zhang, Hang and She, Dongdong and Qian, Zhiyun},
  booktitle={Proceedings of the 22nd ACM SIGSAC Conference on Computer and Communications Security},
  pages={1093--1104},
  year={2015}
}


@misc{andPrivacyIndicator,
  key = {andPrivacyIndicator},
  title = {Android Privacy Indicators},
  howpublished = "\url{https://source.android.com/docs/core/permissions/privacy-indicators}",
  year = {2022}, 
  month = {Oct},
  note = "[Online; accessed 28-May-2023]"
}

@inproceedings{zhang2016voicelive,
  title={Voicelive: A phoneme localization based liveness detection for voice authentication on smartphones},
  author={Zhang, Linghan and Tan, Sheng and Yang, Jie and Chen, Yingying},
  booktitle={Proceedings of the 2016 ACM SIGSAC Conference on Computer and Communications Security},
  pages={1080--1091},
  year={2016}
}